% This file was created with JabRef 2.3.1.
% Encoding: UTF-8

@ARTICLE{soares2007ginga,
  author = {Soares, L.F.G. and Rodrigues, R.F. and Moreno, M.F.},
  title = {{Ginga-NCL: The declarative environment of the Brazilian digital
	TV system}},
  journal = {Journal of the Brazilian Computer Society},
  year = {2007},
  volume = {13},
  pages = {37--46},
  number = {1}
}
% @comment{jabref-meta: selector_publisher:}

% @comment{jabref-meta: selector_author:}

% @comment{jabref-meta: selector_journal:}

% @comment{jabref-meta: selector_keywords:}

@misc{cubesat_specs_rev13,
    title = "CubeSat Design Specification Rev. 13",
    journal =  "The CubeSat Program, Cal Poly SLO",
    url = "https://static1.squarespace.com/static/5418c831e4b0fa4ecac1bacd/t/56e9b62337013b6c\break063a655a/1458157095454/cds\_rev13\_final2.pdf",
    urlaccessdate = "03 dez. 2019",
    year =  2014
}

@misc{nasa_state_of_art,
    title = "Small Spacecraft Technology State of the Art",
    author = "Chad Frost and Elwood Agasid",
    url = "https://www.nasa.gov/sites/default/files/atoms/files/small\_spacecraft\_technology\break\_state\_of\_the\_art\_2015\_tagged.pdf",
    year = 2015,
    urlaccessdate = "06 dez. 2019"
}

@misc{pc104_document,
    title = "PC/104 Specification, rev. 2.6",
    url = "https://pc104.org/wp-content/uploads/2015/02/PC104\_Spec\_v2\_6.pdf",
    urlaccessdate = "05 dez. 2019",
    journal = "PC/104 Embedded Consortium",
    year = 2008,
    volume = "Version 2.6"
}

@misc{nasa_comms_article,
    title = "Communications Satellites: Making the Global Village Possible ",
    author = "David J. Whalen",
    url = "https://www.hq.nasa.gov/office/pao/History/satcomhistory.html",
    year = 2010,
    urlaccessdate = "06 dez. 2019"
    
}

@article{cubesats_cgee,
    title = "CubeSats",
    journal = "Centro de Gestão e Estudos Estratégicos - CGEE",
    year = 2018,
    pages = 46,
    url = "https://www.cgee.org.br/documents/10195/734063\break/CGEE\_resumoexecutivo\_CubeSats\_Web.pdf",
    urlaccessdate = "06 dez. 2019",
    address = "Brasília, DF"
}

@article{snap1_ref,
    author = {{Underwood, C., Richardson, G. e Savignol, J.}},
    title = {{SNAP-1: A Low Cost Modular COTS-based Nano-Satellite - Design, Construction, Launch and Early Operations Phase}},
    journal = {15th Conference on Small Satellites},
    year = {2001},
    pages = {1--13}
}

@article{cute1_ref,
    author = {{K.Nakaya, K.Konoue, H.Sawada, K.Ui, H.Okada, N.Miyashita, M.Iai, T.Urabe, N.Yamaguchi, M.Kashiwa, K.Omagari}, {I. Morita, S. Matunaga.}},
    title = {{Tokyo Tech Cube Sat: CUTE-I—design \& development of flight model and future plan}},
    journal = {AIAA 21st International Communications Satellite Systems Conference and Exhibit},
    year = {2003},
    pages = {1--8}
}

@article{samsat218_ref,
    author = {{K. Alexander, B. Igor, T. Ivan, K. Andrey, M. Mariya, U. Efim, E. Andrey, S Stepan}},
    title = {{SSAU nanosatellite project for the navigation and control
technologies demonstration}},
    journal = {Scientific and Technological Experiments on Automatic Space Vehicles and Small Satellites},
    year = {2015},
    pages = {1--10}
}

@article{cat2_ref,
    author = {{H Carreno-Luengo, A. Camps, I Perez-Ramos, G. Forte, R. Onrubia, R Diez}},
    title = {{Cat-2: A P(Y) and Cia GNSS-R experimental nano-satellite mission}},
    journal = {2013 IEEE International Geoscience and Remote Sensing Symposium},
    year = {2013},
    pages = {1--4}
}


@article{estcube1_ref,
    author = {{Andris Slavinskis, Erik Kulu, Jaan Viru, Robert Valner, Hendrik Ehrpais, Tõnis Uiboupin, Markus Järve},
    {Endel Soolo, Jouni Envall, Tobias Scheffler, Indrek Süntera, Henri Kuuste, Urmas Kvell, Jaanus Kalde, Kaspars Laizans, Erik Ilbis, Tõnis Eenmäe, Riho Vendt, Kaupo Voormansik, Ilmar Ansko, Viljo Allik, Silver Lätt, Mart Noorma}},
    title = {{Attitude determination and control for centrifugal tether deployment
on the ESTCube-1 nanosatellite}},
    journal = {Proceedings of the Estonian Academy of Sciences},
    year = {2003},
    pages = {1--8}
}

@article{swisscube_ref,
    author = {{M. Borgeaud, N Scheidegger, M. Noca, G. Roethlisberger, F. Jordan, T. Choueiri, N.  Steiner}},
    title = {{SwissCube: The first entirely-built Swiss student satellite with an Earth observation payload}},
    journal = {7th IAA  Symposium on Small Satellites for Earth Observation},
    year = {2009},
    pages = {1--20}
}

@article{barnhart_ref,
    author = {{David J. Barnhart}},
    title = {{Very Small Satellite Design
for Space Sensor Networks}},
    journal = {University of Surrey},
    year = {2008},
    pages = {20--53}
}